<?xml version="1.0" encoding="UTF-8"?><collection xmlns="http://www.loc.gov/MARC21/slim"><record><leader>00357nam--2200145-i-4500</leader><controlfield tag="001">000008879</controlfield><controlfield tag="002">20161230</controlfield><controlfield tag="005">20161230201028</controlfield><controlfield tag="008">060222s1000------------r-----000-0-eng-d</controlfield><datafield ind1=" " ind2=" " tag="080"><subfield code="a">543.51</subfield></datafield><datafield ind1=" " ind2=" " tag="245"><subfield code="a">Mass spectrometry.proceedings.....</subfield></datafield><datafield ind1=" " ind2=" " tag="260"><subfield code="a">London, Butterworths, 1968. Ix + 275 P</subfield></datafield><datafield ind1=" " ind2=" " tag="490"><subfield code="a">Proceedings..</subfield></datafield><datafield ind1=" " ind2=" " tag="700"><subfield code="a">Brymner, R</subfield></datafield><datafield ind1=" " ind2=" " tag="852"><subfield code="a">23354</subfield></datafield></record></collection>